@BOOK{FABRE:1976qr,
	title = {{I}ntroduction a la geologie du Sahara Algerien et des regions voisines},
	publisher = {Societe Nationale d'Edition et de Diffusion},
	author = {Fabre, J.},
	year = {1976},
}
@ARTICLE{Fekraoui:1995jd,
	author = {Fekraoui, A. and Abouriche, M.},
	title = {{A}lgeria country update report},
	journal = {Proceedings of the WGC},
	year = {1995},
	pages = {31-34},
}
@ARTICLE{Fekraoui:2005jd,
	author = {Fekraoui, A. and Kedaid, F.},
	title = {{G}eothermal resources and uses in Algeria: a country update report},
	journal = {Proceedings of the WGC},
	year = {2005},
	pages = {1-8},
}
@ARTICLE{Kedaid:2002jd,
	author = {Kedaid, F.},
	title = {{A}lgerian geothermal country report},
	journal = {Geothermal and Volcanological Research Report of Kyushu University},
	year = {2002},
    volume = {11},
	pages = {4-6},
}
@ARTICLE{Saibi:2009jd,
	author = {Saibi, H.},
	title = {{G}eothermal resources in Algeria},
	journal = {Renewable and Sustainable Energy Reviews},
	year = {2009},
	volume = {13},
	pages = {2544-2552},
}
@ARTICLE{Takherist:1989jd,
	author = {Takherist, D. and Lesquer, A.},
	title = {{M}ise en evidence d'importantes variations regionales du flux de chaleur en Algerie},
	journal = {Can. J. Earth Sci.},
	year = {1989},
	volume = {26},
	pages = {615-626},
}